%YAML 1.1
%TAG !u! tag:unity3d.com,2011:
--- !u!1 &5557352837599197063
GameObject:
  m_ObjectHideFlags: 0
  m_CorrespondingSourceObject: {fileID: 0}
  m_PrefabInstance: {fileID: 0}
  m_PrefabAsset: {fileID: 0}
  serializedVersion: 6
  m_Component:
  - component: {fileID: 341499794127537578}
  m_Layer: 6
  m_Name: Simulation_Wall
  m_TagString: Untagged
  m_Icon: {fileID: 0}
  m_NavMeshLayer: 0
  m_StaticEditorFlags: 0
  m_IsActive: 1
--- !u!4 &341499794127537578
Transform:
  m_ObjectHideFlags: 0
  m_CorrespondingSourceObject: {fileID: 0}
  m_PrefabInstance: {fileID: 0}
  m_PrefabAsset: {fileID: 0}
  m_GameObject: {fileID: 5557352837599197063}
  m_LocalRotation: {x: 0, y: 0, z: 0, w: 1}
  m_LocalPosition: {x: 5, y: 1.5, z: 0.5}
  m_LocalScale: {x: 10, y: 3, z: 1}
  m_Children:
  - {fileID: 6367718338204809296}
  - {fileID: 2514963051755378954}
  - {fileID: 4614942405593041340}
  - {fileID: 3341005383528907779}
  m_Father: {fileID: 0}
  m_RootOrder: 0
  m_LocalEulerAnglesHint: {x: 0, y: 0, z: 0}
--- !u!1001 &2948686732181598764
PrefabInstance:
  m_ObjectHideFlags: 0
  serializedVersion: 2
  m_Modification:
    m_TransformParent: {fileID: 341499794127537578}
    m_Modifications:
    - target: {fileID: 6792580716972023090, guid: 331f99f929193944aa679e46bd7a9f8f, type: 3}
      propertyPath: m_Enabled
      value: 1
      objectReference: {fileID: 0}
    - target: {fileID: 6792580716972023090, guid: 331f99f929193944aa679e46bd7a9f8f, type: 3}
      propertyPath: m_Materials.Array.data[0]
      value: 
      objectReference: {fileID: 2100000, guid: 69361eb3764953e47bfbb33e460f67e5, type: 2}
    - target: {fileID: 8121530417303472764, guid: 331f99f929193944aa679e46bd7a9f8f, type: 3}
      propertyPath: m_RootOrder
      value: 0
      objectReference: {fileID: 0}
    - target: {fileID: 8121530417303472764, guid: 331f99f929193944aa679e46bd7a9f8f, type: 3}
      propertyPath: m_LocalScale.x
      value: 0.1
      objectReference: {fileID: 0}
    - target: {fileID: 8121530417303472764, guid: 331f99f929193944aa679e46bd7a9f8f, type: 3}
      propertyPath: m_LocalScale.y
      value: 1
      objectReference: {fileID: 0}
    - target: {fileID: 8121530417303472764, guid: 331f99f929193944aa679e46bd7a9f8f, type: 3}
      propertyPath: m_LocalPosition.x
      value: 0
      objectReference: {fileID: 0}
    - target: {fileID: 8121530417303472764, guid: 331f99f929193944aa679e46bd7a9f8f, type: 3}
      propertyPath: m_LocalPosition.y
      value: 0.66
      objectReference: {fileID: 0}
    - target: {fileID: 8121530417303472764, guid: 331f99f929193944aa679e46bd7a9f8f, type: 3}
      propertyPath: m_LocalPosition.z
      value: 0
      objectReference: {fileID: 0}
    - target: {fileID: 8121530417303472764, guid: 331f99f929193944aa679e46bd7a9f8f, type: 3}
      propertyPath: m_LocalRotation.w
      value: 1
      objectReference: {fileID: 0}
    - target: {fileID: 8121530417303472764, guid: 331f99f929193944aa679e46bd7a9f8f, type: 3}
      propertyPath: m_LocalRotation.x
      value: -0
      objectReference: {fileID: 0}
    - target: {fileID: 8121530417303472764, guid: 331f99f929193944aa679e46bd7a9f8f, type: 3}
      propertyPath: m_LocalRotation.y
      value: -0
      objectReference: {fileID: 0}
    - target: {fileID: 8121530417303472764, guid: 331f99f929193944aa679e46bd7a9f8f, type: 3}
      propertyPath: m_LocalRotation.z
      value: -0
      objectReference: {fileID: 0}
    - target: {fileID: 8121530417303472764, guid: 331f99f929193944aa679e46bd7a9f8f, type: 3}
      propertyPath: m_LocalEulerAnglesHint.x
      value: 0
      objectReference: {fileID: 0}
    - target: {fileID: 8121530417303472764, guid: 331f99f929193944aa679e46bd7a9f8f, type: 3}
      propertyPath: m_LocalEulerAnglesHint.y
      value: 0
      objectReference: {fileID: 0}
    - target: {fileID: 8121530417303472764, guid: 331f99f929193944aa679e46bd7a9f8f, type: 3}
      propertyPath: m_LocalEulerAnglesHint.z
      value: 0
      objectReference: {fileID: 0}
    - target: {fileID: 8400761876847577051, guid: 331f99f929193944aa679e46bd7a9f8f, type: 3}
      propertyPath: m_Name
      value: Cube
      objectReference: {fileID: 0}
    - target: {fileID: 8400761876847577051, guid: 331f99f929193944aa679e46bd7a9f8f, type: 3}
      propertyPath: m_Layer
      value: 6
      objectReference: {fileID: 0}
    - target: {fileID: 8400761876847577051, guid: 331f99f929193944aa679e46bd7a9f8f, type: 3}
      propertyPath: m_IsActive
      value: 1
      objectReference: {fileID: 0}
    m_RemovedComponents: []
  m_SourcePrefab: {fileID: 100100000, guid: 331f99f929193944aa679e46bd7a9f8f, type: 3}
--- !u!4 &6367718338204809296 stripped
Transform:
  m_CorrespondingSourceObject: {fileID: 8121530417303472764, guid: 331f99f929193944aa679e46bd7a9f8f, type: 3}
  m_PrefabInstance: {fileID: 2948686732181598764}
  m_PrefabAsset: {fileID: 0}
--- !u!1001 &3512501255843201984
PrefabInstance:
  m_ObjectHideFlags: 0
  serializedVersion: 2
  m_Modification:
    m_TransformParent: {fileID: 341499794127537578}
    m_Modifications:
    - target: {fileID: 6792580716972023090, guid: 331f99f929193944aa679e46bd7a9f8f, type: 3}
      propertyPath: m_Enabled
      value: 1
      objectReference: {fileID: 0}
    - target: {fileID: 6792580716972023090, guid: 331f99f929193944aa679e46bd7a9f8f, type: 3}
      propertyPath: m_Materials.Array.data[0]
      value: 
      objectReference: {fileID: 2100000, guid: 69361eb3764953e47bfbb33e460f67e5, type: 2}
    - target: {fileID: 8121530417303472764, guid: 331f99f929193944aa679e46bd7a9f8f, type: 3}
      propertyPath: m_RootOrder
      value: 2
      objectReference: {fileID: 0}
    - target: {fileID: 8121530417303472764, guid: 331f99f929193944aa679e46bd7a9f8f, type: 3}
      propertyPath: m_LocalScale.x
      value: 0.1
      objectReference: {fileID: 0}
    - target: {fileID: 8121530417303472764, guid: 331f99f929193944aa679e46bd7a9f8f, type: 3}
      propertyPath: m_LocalScale.y
      value: 1
      objectReference: {fileID: 0}
    - target: {fileID: 8121530417303472764, guid: 331f99f929193944aa679e46bd7a9f8f, type: 3}
      propertyPath: m_LocalPosition.x
      value: 0.45
      objectReference: {fileID: 0}
    - target: {fileID: 8121530417303472764, guid: 331f99f929193944aa679e46bd7a9f8f, type: 3}
      propertyPath: m_LocalPosition.y
      value: 0.66
      objectReference: {fileID: 0}
    - target: {fileID: 8121530417303472764, guid: 331f99f929193944aa679e46bd7a9f8f, type: 3}
      propertyPath: m_LocalPosition.z
      value: 0
      objectReference: {fileID: 0}
    - target: {fileID: 8121530417303472764, guid: 331f99f929193944aa679e46bd7a9f8f, type: 3}
      propertyPath: m_LocalRotation.w
      value: 1
      objectReference: {fileID: 0}
    - target: {fileID: 8121530417303472764, guid: 331f99f929193944aa679e46bd7a9f8f, type: 3}
      propertyPath: m_LocalRotation.x
      value: -0
      objectReference: {fileID: 0}
    - target: {fileID: 8121530417303472764, guid: 331f99f929193944aa679e46bd7a9f8f, type: 3}
      propertyPath: m_LocalRotation.y
      value: -0
      objectReference: {fileID: 0}
    - target: {fileID: 8121530417303472764, guid: 331f99f929193944aa679e46bd7a9f8f, type: 3}
      propertyPath: m_LocalRotation.z
      value: -0
      objectReference: {fileID: 0}
    - target: {fileID: 8121530417303472764, guid: 331f99f929193944aa679e46bd7a9f8f, type: 3}
      propertyPath: m_LocalEulerAnglesHint.x
      value: 0
      objectReference: {fileID: 0}
    - target: {fileID: 8121530417303472764, guid: 331f99f929193944aa679e46bd7a9f8f, type: 3}
      propertyPath: m_LocalEulerAnglesHint.y
      value: 0
      objectReference: {fileID: 0}
    - target: {fileID: 8121530417303472764, guid: 331f99f929193944aa679e46bd7a9f8f, type: 3}
      propertyPath: m_LocalEulerAnglesHint.z
      value: 0
      objectReference: {fileID: 0}
    - target: {fileID: 8400761876847577051, guid: 331f99f929193944aa679e46bd7a9f8f, type: 3}
      propertyPath: m_Name
      value: Cube (2)
      objectReference: {fileID: 0}
    - target: {fileID: 8400761876847577051, guid: 331f99f929193944aa679e46bd7a9f8f, type: 3}
      propertyPath: m_Layer
      value: 6
      objectReference: {fileID: 0}
    - target: {fileID: 8400761876847577051, guid: 331f99f929193944aa679e46bd7a9f8f, type: 3}
      propertyPath: m_IsActive
      value: 1
      objectReference: {fileID: 0}
    m_RemovedComponents: []
  m_SourcePrefab: {fileID: 100100000, guid: 331f99f929193944aa679e46bd7a9f8f, type: 3}
--- !u!4 &4614942405593041340 stripped
Transform:
  m_CorrespondingSourceObject: {fileID: 8121530417303472764, guid: 331f99f929193944aa679e46bd7a9f8f, type: 3}
  m_PrefabInstance: {fileID: 3512501255843201984}
  m_PrefabAsset: {fileID: 0}
--- !u!1001 &5932236250873058166
PrefabInstance:
  m_ObjectHideFlags: 0
  serializedVersion: 2
  m_Modification:
    m_TransformParent: {fileID: 341499794127537578}
    m_Modifications:
    - target: {fileID: 6792580716972023090, guid: 331f99f929193944aa679e46bd7a9f8f, type: 3}
      propertyPath: m_Enabled
      value: 1
      objectReference: {fileID: 0}
    - target: {fileID: 6792580716972023090, guid: 331f99f929193944aa679e46bd7a9f8f, type: 3}
      propertyPath: m_Materials.Array.data[0]
      value: 
      objectReference: {fileID: 2100000, guid: 69361eb3764953e47bfbb33e460f67e5, type: 2}
    - target: {fileID: 8121530417303472764, guid: 331f99f929193944aa679e46bd7a9f8f, type: 3}
      propertyPath: m_RootOrder
      value: 1
      objectReference: {fileID: 0}
    - target: {fileID: 8121530417303472764, guid: 331f99f929193944aa679e46bd7a9f8f, type: 3}
      propertyPath: m_LocalScale.x
      value: 0.1
      objectReference: {fileID: 0}
    - target: {fileID: 8121530417303472764, guid: 331f99f929193944aa679e46bd7a9f8f, type: 3}
      propertyPath: m_LocalScale.y
      value: 1
      objectReference: {fileID: 0}
    - target: {fileID: 8121530417303472764, guid: 331f99f929193944aa679e46bd7a9f8f, type: 3}
      propertyPath: m_LocalPosition.x
      value: -0.45000005
      objectReference: {fileID: 0}
    - target: {fileID: 8121530417303472764, guid: 331f99f929193944aa679e46bd7a9f8f, type: 3}
      propertyPath: m_LocalPosition.y
      value: 0.66
      objectReference: {fileID: 0}
    - target: {fileID: 8121530417303472764, guid: 331f99f929193944aa679e46bd7a9f8f, type: 3}
      propertyPath: m_LocalPosition.z
      value: 0
      objectReference: {fileID: 0}
    - target: {fileID: 8121530417303472764, guid: 331f99f929193944aa679e46bd7a9f8f, type: 3}
      propertyPath: m_LocalRotation.w
      value: 1
      objectReference: {fileID: 0}
    - target: {fileID: 8121530417303472764, guid: 331f99f929193944aa679e46bd7a9f8f, type: 3}
      propertyPath: m_LocalRotation.x
      value: -0
      objectReference: {fileID: 0}
    - target: {fileID: 8121530417303472764, guid: 331f99f929193944aa679e46bd7a9f8f, type: 3}
      propertyPath: m_LocalRotation.y
      value: -0
      objectReference: {fileID: 0}
    - target: {fileID: 8121530417303472764, guid: 331f99f929193944aa679e46bd7a9f8f, type: 3}
      propertyPath: m_LocalRotation.z
      value: -0
      objectReference: {fileID: 0}
    - target: {fileID: 8121530417303472764, guid: 331f99f929193944aa679e46bd7a9f8f, type: 3}
      propertyPath: m_LocalEulerAnglesHint.x
      value: 0
      objectReference: {fileID: 0}
    - target: {fileID: 8121530417303472764, guid: 331f99f929193944aa679e46bd7a9f8f, type: 3}
      propertyPath: m_LocalEulerAnglesHint.y
      value: 0
      objectReference: {fileID: 0}
    - target: {fileID: 8121530417303472764, guid: 331f99f929193944aa679e46bd7a9f8f, type: 3}
      propertyPath: m_LocalEulerAnglesHint.z
      value: 0
      objectReference: {fileID: 0}
    - target: {fileID: 8400761876847577051, guid: 331f99f929193944aa679e46bd7a9f8f, type: 3}
      propertyPath: m_Name
      value: Cube (1)
      objectReference: {fileID: 0}
    - target: {fileID: 8400761876847577051, guid: 331f99f929193944aa679e46bd7a9f8f, type: 3}
      propertyPath: m_Layer
      value: 6
      objectReference: {fileID: 0}
    - target: {fileID: 8400761876847577051, guid: 331f99f929193944aa679e46bd7a9f8f, type: 3}
      propertyPath: m_IsActive
      value: 1
      objectReference: {fileID: 0}
    m_RemovedComponents: []
  m_SourcePrefab: {fileID: 100100000, guid: 331f99f929193944aa679e46bd7a9f8f, type: 3}
--- !u!4 &2514963051755378954 stripped
Transform:
  m_CorrespondingSourceObject: {fileID: 8121530417303472764, guid: 331f99f929193944aa679e46bd7a9f8f, type: 3}
  m_PrefabInstance: {fileID: 5932236250873058166}
  m_PrefabAsset: {fileID: 0}
--- !u!1001 &6838956085891550847
PrefabInstance:
  m_ObjectHideFlags: 0
  serializedVersion: 2
  m_Modification:
    m_TransformParent: {fileID: 341499794127537578}
    m_Modifications:
    - target: {fileID: 6792580716972023090, guid: 331f99f929193944aa679e46bd7a9f8f, type: 3}
      propertyPath: m_Enabled
      value: 1
      objectReference: {fileID: 0}
    - target: {fileID: 6792580716972023090, guid: 331f99f929193944aa679e46bd7a9f8f, type: 3}
      propertyPath: m_Materials.Array.data[0]
      value: 
      objectReference: {fileID: 2100000, guid: 69361eb3764953e47bfbb33e460f67e5, type: 2}
    - target: {fileID: 8121530417303472764, guid: 331f99f929193944aa679e46bd7a9f8f, type: 3}
      propertyPath: m_RootOrder
      value: 3
      objectReference: {fileID: 0}
    - target: {fileID: 8121530417303472764, guid: 331f99f929193944aa679e46bd7a9f8f, type: 3}
      propertyPath: m_LocalScale.x
      value: 1.01
      objectReference: {fileID: 0}
    - target: {fileID: 8121530417303472764, guid: 331f99f929193944aa679e46bd7a9f8f, type: 3}
      propertyPath: m_LocalScale.y
      value: 1
      objectReference: {fileID: 0}
    - target: {fileID: 8121530417303472764, guid: 331f99f929193944aa679e46bd7a9f8f, type: 3}
      propertyPath: m_LocalScale.z
      value: 1.1
      objectReference: {fileID: 0}
    - target: {fileID: 8121530417303472764, guid: 331f99f929193944aa679e46bd7a9f8f, type: 3}
      propertyPath: m_LocalPosition.x
      value: 0
      objectReference: {fileID: 0}
    - target: {fileID: 8121530417303472764, guid: 331f99f929193944aa679e46bd7a9f8f, type: 3}
      propertyPath: m_LocalPosition.y
      value: 0
      objectReference: {fileID: 0}
    - target: {fileID: 8121530417303472764, guid: 331f99f929193944aa679e46bd7a9f8f, type: 3}
      propertyPath: m_LocalPosition.z
      value: 0
      objectReference: {fileID: 0}
    - target: {fileID: 8121530417303472764, guid: 331f99f929193944aa679e46bd7a9f8f, type: 3}
      propertyPath: m_LocalRotation.w
      value: 1
      objectReference: {fileID: 0}
    - target: {fileID: 8121530417303472764, guid: 331f99f929193944aa679e46bd7a9f8f, type: 3}
      propertyPath: m_LocalRotation.x
      value: -0
      objectReference: {fileID: 0}
    - target: {fileID: 8121530417303472764, guid: 331f99f929193944aa679e46bd7a9f8f, type: 3}
      propertyPath: m_LocalRotation.y
      value: -0
      objectReference: {fileID: 0}
    - target: {fileID: 8121530417303472764, guid: 331f99f929193944aa679e46bd7a9f8f, type: 3}
      propertyPath: m_LocalRotation.z
      value: -0
      objectReference: {fileID: 0}
    - target: {fileID: 8121530417303472764, guid: 331f99f929193944aa679e46bd7a9f8f, type: 3}
      propertyPath: m_LocalEulerAnglesHint.x
      value: 0
      objectReference: {fileID: 0}
    - target: {fileID: 8121530417303472764, guid: 331f99f929193944aa679e46bd7a9f8f, type: 3}
      propertyPath: m_LocalEulerAnglesHint.y
      value: 0
      objectReference: {fileID: 0}
    - target: {fileID: 8121530417303472764, guid: 331f99f929193944aa679e46bd7a9f8f, type: 3}
      propertyPath: m_LocalEulerAnglesHint.z
      value: 0
      objectReference: {fileID: 0}
    - target: {fileID: 8400761876847577051, guid: 331f99f929193944aa679e46bd7a9f8f, type: 3}
      propertyPath: m_Name
      value: Cube (3)
      objectReference: {fileID: 0}
    - target: {fileID: 8400761876847577051, guid: 331f99f929193944aa679e46bd7a9f8f, type: 3}
      propertyPath: m_Layer
      value: 6
      objectReference: {fileID: 0}
    - target: {fileID: 8400761876847577051, guid: 331f99f929193944aa679e46bd7a9f8f, type: 3}
      propertyPath: m_IsActive
      value: 1
      objectReference: {fileID: 0}
    m_RemovedComponents: []
  m_SourcePrefab: {fileID: 100100000, guid: 331f99f929193944aa679e46bd7a9f8f, type: 3}
--- !u!4 &3341005383528907779 stripped
Transform:
  m_CorrespondingSourceObject: {fileID: 8121530417303472764, guid: 331f99f929193944aa679e46bd7a9f8f, type: 3}
  m_PrefabInstance: {fileID: 6838956085891550847}
  m_PrefabAsset: {fileID: 0}
